@article{agaretal:2023,
  author    = {Agarwal, Sumit and Presbitero, Andrea and Silva, Andr\'{e} F. and Wix, Carlo},
  title     = {Who Pays For Your Rewards? {R}edistribution in the Credit Card Market},
  journal   = {Finance and Economics Discussion Series},
  year      = {2023},
  number    = {2023-007},
  ISSN      = {2767-3898},
  city      = {Washington},
  publisher = {Board of Governors of the Federal Reserve System},
  DOI       = {10.17016/feds.2023.007},
  url       = {http://dx.doi.org/10.17016/FEDS.2023.007}
 }

@article{anderson:1966,
  author    = {Robert T.~Anderson},
  title     = {The Rotating Credit Associations in India},
  journal   = {Economic Development and Cultural Change},
  volume    = {14},
  year      = {1966},
  pages     = {334--339}
}

@incollection{athehail:2007,
  author    = {Susan C.~Athey and Philip A.~Haile},
  title     = {Nonparametric Approaches to Auctions},
  booktitle = {Handbook of Econometrics, Volume 6A},
  editor    = {James J.~Heckman and Edward E.~Leamer},
  publisher = {New York:  Elsevier},
  year      = {2007},
  pages     = {3847--3966}
}

@techreport{bls:2023,
  author      = {BLS},
  title       = {Consumer Expenditure Surveys},
  institution = {{U.S.} Bureau of Labor Statistics},
  year        = {2023}
}

@techreport{cfpb:2023,
  author      = {CFPB},
  title       = {The Consumer Credit Card Market},
  institution = {Consumer Financial Protection Bureau},
  year        = {2023}
}

# author        = {Michael S.~Derby}, 
@misc{wsj:2010, 
  author        = {{The Wall Street Journal}}, 
  title         = {Credit Cards Take From Poor, Give to the Rich}, 
  howpublished  = {WSJ.com. \url{https://www.wsj.com/articles/BL-REB-11033} (accessed June 1, 2024)},
  year          = {2010} 
}

@book{efron:1982,
  author    = {Bradley Efron},
  title     = {The Jackknife, the Bootstrap, and Other Resampling Plans},
  publisher = {Philadelphia:  SIAM},
  year      = {1982}
}

@misc{hubbetal:2010,
  author  = {Timothy P.~Hubbard and Harry J.~Paarsch and Will M.~Wright},
  title   = {H\d{u}i: A Case Study of A Sequential Double Auction of Capital,
         typescript, {D}epartment of {E}conomics, {U}niversity of 
     {M}elbourne},
  year    = {2010}
}

@Article{hayashi:2009,
  author  = {Fumiko Hayashi},
  title   = {Do {U.S.} Consumers Really Benefit from Payment Card Rewards?},
  journal = {Economic Review},
  year    = {2009},
  volume  = {94},
  number  = {Q I},
  pages   = {37--63},
  url     = {https://ideas.repec.org/a/fip/fedker/y2009iqip37-63nv.94no.1.html}
}

@misc{nerdwallet:2024, 
  author        = {Nerdwallet}, 
  title         = {How Much Are Travel Points and Miles Worth in 2024?}, 
  howpublished  = {nerdwallet.com. \url{https://www.nerdwallet.com/article/travel/airline-miles-and-hotel-points-valuations#credit-card-point-values} (accessed June 8, 2024)},
  year          = {2024} 
}

@article{schuetal:2010,
  author    = {Schuh, Scott and Shy, Oz and Stavins, Joanna},
  title     = {Who Gains and Who Loses from Credit Card Payments? {T}heory and Calibrations},
  journal   = {Public Policy Discussion Papers},
  year      = {2010},
  number    = {10-3},
  city      = {Boston, MA},
  publisher = {Federal Reserve Bank of Boston}
 }
